@ARTICLE{aly1990,
   author = {{Aly}, J.~J.},
    title = "{Quasi-static evolution of a force-free magnetic field}",
  journal = {Computer Physics Communications},
     year = 1990,
    month = may,
   volume = 59,
    pages = {13-20},
      doi = {10.1016/0010-4655(90)90152-Q},
   adsurl = {http://adsabs.harvard.edu/abs/1990CoPhC..59...13A},
  adsnote = {Provided by the SAO/NASA Astrophysics Data System}
}

@ARTICLE{antio99,
   author = {{Antiochos}, S.~K. and {DeVore}, C.~R. and {Klimchuk}, J.~A.
	},
    title = "{A Model for Solar Coronal Mass Ejections}",
  journal = {\apj},
   eprint = {arXiv:astro-ph/9807220},
 keywords = {SUN: CORONA, SUN: FLARES, SUN: PARTICLE EMISSION},
     year = 1999,
    month = jan,
   volume = 510,
    pages = {485-493},
      doi = {10.1086/306563},
   adsurl = {http://adsabs.harvard.edu/abs/1999ApJ...510..485A},
  adsnote = {Provided by the SAO/NASA Astrophysics Data System}
}

@ARTICLE{aschw09,
   author = {{Aschwanden}, M.~J. and {Nitta}, N.~V. and {Wuelser}, J.-P. and 
	{Lemen}, J.~R. and {Sandman}, A. and {Vourlidas}, A. and {Colaninno}, R.~C.
	},
    title = "{First Measurements of the Mass of Coronal Mass Ejections from the EUV Dimming Observed with STEREO EUVI A+B Spacecraft}",
  journal = {\apj},
 keywords = {Sun: coronal mass ejections: CMEs, Sun: UV radiation},
     year = 2009,
    month = nov,
   volume = 706,
    pages = {376-392},
      doi = {10.1088/0004-637X/706/1/376},
   adsurl = {http://adsabs.harvard.edu/abs/2009ApJ...706..376A},
  adsnote = {Provided by the SAO/NASA Astrophysics Data System}
}
@ARTICLE{bein2011,
   author = {{Bein}, B.~M. and {Berkebile-Stoiser}, S. and {Veronig}, A.~M. and 
	{Temmer}, M. and {Muhr}, N. and {Kienreich}, I. and {Utz}, D. and 
	{Vr{\v s}nak}, B.},
    title = "{Impulsive Acceleration of Coronal Mass Ejections. I. Statistics and Coronal Mass Ejection Source Region Characteristics}",
  journal = {\apj},
archivePrefix = "arXiv",
   eprint = {1108.0561},
 primaryClass = "astro-ph.SR",
 keywords = {methods: statistical, Sun: coronal mass ejections: CMEs},
     year = 2011,
    month = sep,
   volume = 738,
    pages = {191-+},
      doi = {10.1088/0004-637X/738/2/191},
   adsurl = {http://adsabs.harvard.edu/abs/2011ApJ...738..191B},
  adsnote = {Provided by the SAO/NASA Astrophysics Data System}
}

@BOOK{bil66,
   author = {{Billings}, D.~E.},
    title = "{A guide to the solar corona}",
 keywords = {SUN, SOLAR CORONA},
booktitle = {New York: Academic Press, |c1966},
     year = 1966,
   editor = "{Billings, D.~E.}",
   adsurl = {http://adsabs.harvard.edu/abs/1966gtsc.book.....B},
  adsnote = {Provided by the SAO/NASA Astrophysics Data System}
}
@ARTICLE{bru95,
   author = {{Brueckner}, G.~E. and {Howard}, R.~A. and {Koomen}, M.~J. and 
	{Korendyke}, C.~M. and {Michels}, D.~J. and {Moses}, J.~D. and 
	{Socker}, D.~G. and {Dere}, K.~P. and {Lamy}, P.~L. and {Llebaria}, A. and 
	{Bout}, M.~V. and {Schwenn}, R. and {Simnett}, G.~M. and {Bedford}, D.~K. and 
	{Eyles}, C.~J.},
    title = "{The Large Angle Spectroscopic Coronagraph (LASCO)}",
  journal = {\solphys},
 keywords = {Sun, Corona, Coronagraph},
     year = 1995,
    month = dec,
   volume = 162,
    pages = {357-402},
      doi = {10.1007/BF00733434},
   adsurl = {http://adsabs.harvard.edu/abs/1995SoPh..162..357B},
  adsnote = {Provided by the SAO/NASA Astrophysics Data System}
}
@ARTICLE{chen1996,
   author = {{Chen}, J.},
    title = "{Theory of prominence eruption and propagation: Interplanetary consequences}",
  journal = {\jgr},
 keywords = {Solar Physics, Astrophysics, and Astronomy: Prominence eruptions, and Astronomy: Coronal mass ejections, Interplanetary Physics: Ejecta, driver gases, and magnetic clouds, Interplanetary Physics: Interplanetary magnetic fields},
     year = 1996,
    month = dec,
   volume = 1012,
    pages = {27499-27520},
      doi = {10.1029/96JA02644},
   adsurl = {http://adsabs.harvard.edu/abs/1996JGR...10127499C},
  adsnote = {Provided by the SAO/NASA Astrophysics Data System}
}
@ARTICLE{chen2006,
   author = {{Chen}, J. and {Marqu{\'e}}, C. and {Vourlidas}, A. and {Krall}, J. and 
	{Schuck}, P.~W.},
    title = "{The Flux-Rope Scaling of the Acceleration of Coronal Mass Ejections and Eruptive Prominences}",
  journal = {\apj},
 keywords = {Magnetohydrodynamics: MHD, Sun: Corona, Sun: Coronal Mass Ejections (CMEs), Sun: Prominences},
     year = 2006,
    month = sep,
   volume = 649,
    pages = {452-463},
      doi = {10.1086/506466},
   adsurl = {http://adsabs.harvard.edu/abs/2006ApJ...649..452C},
  adsnote = {Provided by the SAO/NASA Astrophysics Data System}
}

@ARTICLE{cola09,
   author = {{Colaninno}, R.~C. and {Vourlidas}, A.},
    title = "{First Determination of the True Mass of Coronal Mass Ejections: A Novel Approach to Using the Two STEREO Viewpoints}",
  journal = {\apj},
archivePrefix = "arXiv",
   eprint = {0903.4344},
 primaryClass = "astro-ph.SR",
 keywords = {methods: data analysis, Sun: coronal mass ejections: CMEs, techniques: image processing},
     year = 2009,
    month = jun,
   volume = 698,
    pages = {852-858},
      doi = {10.1088/0004-637X/698/1/852},
   adsurl = {http://adsabs.harvard.edu/abs/2009ApJ...698..852C},
  adsnote = {Provided by the SAO/NASA Astrophysics Data System}
}
@ARTICLE{byr10,
   author = {{Byrne}, J.~P. and {Maloney}, S.~A. and {McAteer}, R.~T.~J. and 
	{Refojo}, J.~M. and {Gallagher}, P.~T.},
    title = "{Propagation of an Earth-directed coronal mass ejection in three dimensions}",
  journal = {Nature Communications},
archivePrefix = "arXiv",
   eprint = {1010.0643},
 primaryClass = "astro-ph.SR",
     year = 2010,
    month = sep,
   volume = 1,
      doi = {10.1038/ncomms1077},
   adsurl = {http://adsabs.harvard.edu/abs/2010NatCo...1E..74B},
  adsnote = {Provided by the SAO/NASA Astrophysics Data System}
}
@INPROCEEDINGS{chen2003,
   author = {{Chen}, J. and {Krall}, J.},
    title = "{Acceleration of Coronal Mass Ejections}",
booktitle = {AAS/Solar Physics Division Meeting \#34},
     year = 2003,
   series = {Bulletin of the American Astronomical Society},
   volume = 35,
    month = may,
    pages = {852-+},
   adsurl = {http://adsabs.harvard.edu/abs/2003SPD....34.2304C},
  adsnote = {Provided by the SAO/NASA Astrophysics Data System}
}

@ARTICLE{dom95,
   author = {{Domingo}, V. and {Fleck}, B. and {Poland}, A.~I.},
    title = "{The SOHO Mission: an Overview}",
  journal = {\solphys},
 keywords = {SOHO, solar interior, solar corona, solar wind},
     year = 1995,
    month = dec,
   volume = 162,
    pages = {1-37},
      doi = {10.1007/BF00733425},
   adsurl = {http://adsabs.harvard.edu/abs/1995SoPh..162....1D},
  adsnote = {Provided by the SAO/NASA Astrophysics Data System}
}
@ARTICLE{emslie2004,
   author = {{Emslie}, A.~G. and {Kucharek}, H. and {Dennis}, B.~R. and {Gopalswamy}, N. and 
	{Holman}, G.~D. and {Share}, G.~H. and {Vourlidas}, A. and {Forbes}, T.~G. and 
	{Gallagher}, P.~T. and {Mason}, G.~M. and {Metcalf}, T.~R. and 
	{Mewaldt}, R.~A. and {Murphy}, R.~J. and {Schwartz}, R.~A. and 
	{Zurbuchen}, T.~H.},
    title = "{Energy partition in two solar flare/CME events}",
  journal = {Journal of Geophysical Research (Space Physics)},
 keywords = {Solar Physics, Astrophysics, and Astronomy: Flares, Solar Physics, Astrophysics, and Astronomy: Coronal mass ejections, Solar Physics, Astrophysics, and Astronomy: Energetic particles (2114), Solar Physics, Astrophysics, and Astronomy: X rays, gamma rays, and neutrinos},
     year = 2004,
    month = oct,
   volume = 109,
   number = A18,
    pages = {A10104},
      doi = {10.1029/2004JA010571},
   adsurl = {http://adsabs.harvard.edu/abs/2004JGRA..10910104E},
  adsnote = {Provided by the SAO/NASA Astrophysics Data System}
}
@ARTICLE{forbes1991,
   author = {{Forbes}, T.~G. and {Isenberg}, P.~A.},
    title = "{A catastrophe mechanism for coronal mass ejections}",
  journal = {\apj},
 keywords = {CATASTROPHE THEORY, MAGNETOHYDRODYNAMICS, SOLAR CORONA, SOLAR CORPUSCULAR RADIATION, STELLAR MASS EJECTION, CURRENT SHEETS, MAGNETIC FIELD RECONNECTION, PHOTOSPHERE, SOLAR PROMINENCES},
     year = 1991,
    month = may,
   volume = 373,
    pages = {294-307},
      doi = {10.1086/170051},
   adsurl = {http://adsabs.harvard.edu/abs/1991ApJ...373..294F},
  adsnote = {Provided by the SAO/NASA Astrophysics Data System}
}

@ARTICLE{forbes1995,
   author = {{Forbes}, T.~G. and {Priest}, E.~R.},
    title = "{Photospheric Magnetic Field Evolution and Eruptive Flares}",
  journal = {\apj},
 keywords = {MAGNETOHYDRODYNAMICS: MHD, SUN: CORONA, SUN: FLARES, SUN: MAGNETIC FIELDS},
     year = 1995,
    month = jun,
   volume = 446,
    pages = {377-+},
      doi = {10.1086/175797},
   adsurl = {http://adsabs.harvard.edu/abs/1995ApJ...446..377F},
  adsnote = {Provided by the SAO/NASA Astrophysics Data System}
}

@ARTICLE{gallagher03,
   author = {{Gallagher}, P.~T. and {Lawrence}, G.~R. and {Dennis}, B.~R.
	},
    title = "{Rapid Acceleration of a Coronal Mass Ejection in the Low Corona and Implications for Propagation}",
  journal = {\apjl},
 keywords = {Sun: Corona, Sun: Coronal Mass Ejections (CMEs), Sun: Flares},
     year = 2003,
    month = may,
   volume = 588,
    pages = {L53-L56},
      doi = {10.1086/375504},
   adsurl = {http://adsabs.harvard.edu/abs/2003ApJ...588L..53G},
  adsnote = {Provided by the SAO/NASA Astrophysics Data System}
}
@ARTICLE{howard2007,
   author = {{Howard}, T.~A. and {Fry}, C.~D. and {Johnston}, J.~C. and {Webb}, D.~F.
	},
    title = "{On the Evolution of Coronal Mass Ejections in the Interplanetary Medium}",
  journal = {\apj},
 keywords = {Interplanetary Medium, Sun: Solar-terrestrial Relations, Sun: Solar Wind, Sun: Coronal Mass Ejections (CMEs)},
     year = 2007,
    month = sep,
   volume = 667,
    pages = {610-625},
      doi = {10.1086/519758},
   adsurl = {http://adsabs.harvard.edu/abs/2007ApJ...667..610H},
  adsnote = {Provided by the SAO/NASA Astrophysics Data System}
}

@ARTICLE{how08,
   author = {{Howard}, R.~A. and {Moses}, J.~D. and {Vourlidas}, A. and {Newmark}, J.~S. and 
	{Socker}, D.~G. and {Plunkett}, S.~P. and {Korendyke}, C.~M. and 
	{Cook}, J.~W. and {Hurley}, A. and {Davila}, J.~M. and {Thompson}, W.~T. and 
	{St Cyr}, O.~C. and {Mentzell}, E. and {Mehalick}, K. and {Lemen}, J.~R. and 
	{Wuelser}, J.~P. and {Duncan}, D.~W. and {Tarbell}, T.~D. and 
	{Wolfson}, C.~J. and {Moore}, A. and {Harrison}, R.~A. and {Waltham}, N.~R. and 
	{Lang}, J. and {Davis}, C.~J. and {Eyles}, C.~J. and {Mapson-Menard}, H. and 
	{Simnett}, G.~M. and {Halain}, J.~P. and {Defise}, J.~M. and 
	{Mazy}, E. and {Rochus}, P. and {Mercier}, R. and {Ravet}, M.~F. and 
	{Delmotte}, F. and {Auchere}, F. and {Delaboudiniere}, J.~P. and 
	{Bothmer}, V. and {Deutsch}, W. and {Wang}, D. and {Rich}, N. and 
	{Cooper}, S. and {Stephens}, V. and {Maahs}, G. and {Baugh}, R. and 
	{McMullin}, D. and {Carter}, T.},
    title = "{Sun Earth Connection Coronal and Heliospheric Investigation (SECCHI)}",
  journal = {\ssr},
 keywords = {Solar corona, Lyot coronagraph, XUV heliograph, Heliospheric imager, Coronal loops, Coronal mass ejections, Stereo, Heliosphere},
     year = 2008,
    month = apr,
   volume = 136,
    pages = {67-115},
      doi = {10.1007/s11214-008-9341-4},
   adsurl = {http://adsabs.harvard.edu/abs/2008SSRv..136...67H},
  adsnote = {Provided by the SAO/NASA Astrophysics Data System}
}
@ARTICLE{how09,
   author = {{Howard}, T.~A. and {Tappin}, S.~J.},
    title = "{Interplanetary Coronal Mass Ejections Observed in the Heliosphere: 1. Review of Theory}",
  journal = {\ssr},
 keywords = {Coronal mass ejections, Solar-terrestrial relations, Interplanetary medium},
     year = 2009,
    month = oct,
   volume = 147,
    pages = {31-54},
      doi = {10.1007/s11214-009-9542-5},
   adsurl = {http://adsabs.harvard.edu/abs/2009SSRv..147...31H},
  adsnote = {Provided by the SAO/NASA Astrophysics Data System}
}

@ARTICLE{jackson1985,
   author = {{Jackson}, B.~V.},
    title = "{Imaging of coronal mass ejections by the HELIOS spacecraft}",
  journal = {\solphys},
 keywords = {HELIOS SATELLITES, INTERPLANETARY MEDIUM, PHOTOMETERS, SATELLITE-BORNE INSTRUMENTS, SOLAR CORONA, ZODIACAL LIGHT, ABUNDANCE, HELIUM, SOLAR WIND, STELLAR MASS EJECTION},
     year = 1985,
    month = oct,
   volume = 100,
    pages = {563-574},
      doi = {10.1007/BF00158445},
   adsurl = {http://adsabs.harvard.edu/abs/1985SoPh..100..563J},
  adsnote = {Provided by the SAO/NASA Astrophysics Data System}
}

@ARTICLE{kai08,
   author = {{Kaiser}, M.~L. and {Kucera}, T.~A. and {Davila}, J.~M. and 
	{St.~Cyr}, O.~C. and {Guhathakurta}, M. and {Christian}, E.},
    title = "{The STEREO Mission: An Introduction}",
  journal = {\ssr},
 keywords = {CME, Solar, Three-dimensional},
     year = 2008,
    month = apr,
   volume = 136,
    pages = {5-16},
      doi = {10.1007/s11214-007-9277-0},
   adsurl = {http://adsabs.harvard.edu/abs/2008SSRv..136....5K},
  adsnote = {Provided by the SAO/NASA Astrophysics Data System}
}

@ARTICLE{lin2000,
   author = {{Lin}, J. and {Forbes}, T.~G.},
    title = "{Effects of reconnection on the coronal mass ejection process}",
  journal = {\jgr},
 keywords = {Solar Physics, Astrophysics, and Astronomy: Coronal mass ejections, and Astronomy: Flares, and Astronomy: Prominence eruptions, Space Plasma Physics: Magnetic reconnection},
     year = 2000,
    month = feb,
   volume = 105,
    pages = {2375-2392},
      doi = {10.1029/1999JA900477},
   adsurl = {http://adsabs.harvard.edu/abs/2000JGR...105.2375L},
  adsnote = {Provided by the SAO/NASA Astrophysics Data System}
}

@ARTICLE{lin2001,
   author = {{Lin}, J. and {Forbes}, T.~G. and {Isenberg}, P.~A.},
    title = "{Prominence eruptions and coronal mass ejections triggered by newly emerging flux}",
  journal = {\jgr},
 keywords = {Solar Physics, Astrophysics, and Astronomy: Corona, and Astronomy: Coronal mass ejections, and Astronomy: Magnetic fields, and Astronomy: Prominence eruptions},
     year = 2001,
    month = nov,
   volume = 106,
    pages = {25053-25074},
      doi = {10.1029/2001JA000046},
   adsurl = {http://adsabs.harvard.edu/abs/2001JGR...10625053L},
  adsnote = {Provided by the SAO/NASA Astrophysics Data System}
}

@ARTICLE{lin2010,
   author = {{Lin}, C.-H. and {Gallagher}, P.~T. and {Raftery}, C.~L.},
    title = "{Investigating the driving mechanisms of coronal mass ejections}",
  journal = {\aap},
archivePrefix = "arXiv",
   eprint = {1003.5035},
 primaryClass = "astro-ph.SR",
 keywords = {Sun: coronal mass ejections (CMEs), Sun: flares, magnetic fields, Sun: corona, Sun: atmosphere},
     year = 2010,
    month = jun,
   volume = 516,
    pages = {A44},
      doi = {10.1051/0004-6361/200913167},
   adsurl = {http://adsabs.harvard.edu/abs/2010A%26A...516A..44L},
  adsnote = {Provided by the SAO/NASA Astrophysics Data System}
}

@ARTICLE{lynch2008,
   author = {{Lynch}, B.~J. and {Antiochos}, S.~K. and {DeVore}, C.~R. and 
	{Luhmann}, J.~G. and {Zurbuchen}, T.~H.},
    title = "{Topological Evolution of a Fast Magnetic Breakout CME in Three Dimensions}",
  journal = {\apj},
 keywords = {Magnetohydrodynamics: MHD, Sun: Corona, Sun: Coronal Mass Ejections (CMEs), Sun: Magnetic Fields},
     year = 2008,
    month = aug,
   volume = 683,
    pages = {1192-1206},
      doi = {10.1086/589738},
   adsurl = {http://adsabs.harvard.edu/abs/2008ApJ...683.1192L},
  adsnote = {Provided by the SAO/NASA Astrophysics Data System}
}
@ARTICLE{kleim2006,
   author = {{Kliem}, B. and {T{\"o}r{\"o}k}, T.},
    title = "{Torus Instability}",
  journal = {Physical Review Letters},
   eprint = {arXiv:physics/0605217},
 keywords = {Macroinstabilities, Plasma dynamics and flow, Coronal mass ejection, Prominence eruptions},
     year = 2006,
    month = jun,
   volume = 96,
   number = 25,
    pages = {255002-+},
      doi = {10.1103/PhysRevLett.96.255002},
   adsurl = {http://adsabs.harvard.edu/abs/2006PhRvL..96y5002K},
  adsnote = {Provided by the SAO/NASA Astrophysics Data System}
}

@ARTICLE{krall2006,
   author = {{Krall}, J. and {St.~Cyr}, O.~C.},
    title = "{Flux-Rope Coronal Mass Ejection Geometry and Its Relation to Observed Morphology}",
  journal = {\apj},
 keywords = {Sun: Coronal Mass Ejections (CMEs)},
     year = 2006,
    month = dec,
   volume = 652,
    pages = {1740-1746},
      doi = {10.1086/508337},
   adsurl = {http://adsabs.harvard.edu/abs/2006ApJ...652.1740K},
  adsnote = {Provided by the SAO/NASA Astrophysics Data System}
}

@ARTICLE{malo10,
   author = {{Maloney}, S.~A. and {Gallagher}, P.~T.},
    title = "{Solar Wind Drag and the Kinematics of Interplanetary Coronal Mass Ejections}",
  journal = {\apjl},
archivePrefix = "arXiv",
   eprint = {1010.0192},
 primaryClass = "astro-ph.SR",
 keywords = {solar-terrestrial relations, Sun: activity, Sun: coronal mass ejections: CMEs},
     year = 2010,
    month = dec,
   volume = 724,
    pages = {L127-L132},
      doi = {10.1088/2041-8205/724/2/L127},
   adsurl = {http://adsabs.harvard.edu/abs/2010ApJ...724L.127M},
  adsnote = {Provided by the SAO/NASA Astrophysics Data System}
}
@ARTICLE{Mann1999,
   author = {{Mann}, G. and {Jansen}, F. and {MacDowall}, R.~J. and {Kaiser}, M.~L. and 
        {Stone}, R.~G.},
    title = "{A heliospheric density model and type III radio bursts}",
  journal = {\aap},
 keywords = {MAGNETOHYDRODYNAMICS (MHD), SUN: CORONA, SUN: MAGNETIC FIELDS, SUN: RADIO RADIATION, INTEPLANETARY MEDIUM},
     year = 1999,
    month = aug,
   volume = 348,
    pages = {614-620},
   adsurl = {http://adsabs.harvard.edu/abs/1999A%26A...348..614M},
  adsnote = {Provided by the SAO/NASA Astrophysics Data System}
}

@ARTICLE{manoh2003,
   author = {{Manoharan}, P.~K. and {Kundu}, M.~R.},
    title = "{Coronal Structure of a Flaring Region and Associated Coronal Mass Ejection}",
  journal = {\apj},
 keywords = {Sun: Coronal Mass Ejections (CMEs), Sun: Flares, Sun: Magnetic Fields, Sun: Radio Radiation},
     year = 2003,
    month = jul,
   volume = 592,
    pages = {597-606},
      doi = {10.1086/375700},
   adsurl = {http://adsabs.harvard.edu/abs/2003ApJ...592..597M},
  adsnote = {Provided by the SAO/NASA Astrophysics Data System}
}
@ARTICLE{min30,
   author = {{Minnaert}, M.},
    title = "{On the continuous spectrum of the corona and its polarisation. With 3 figures. (Received July 30, 1930)}",
  journal = {\zap},
     year = 1930,
   volume = 1,
    pages = {209-+},
   adsurl = {http://adsabs.harvard.edu/abs/1930ZA......1..209M},
  adsnote = {Provided by the SAO/NASA Astrophysics Data System}
}

@ARTICLE{munro1979,
   author = {{Munro}, R.~H. and {Gosling}, J.~T. and {Hildner}, E. and {MacQueen}, R.~M. and 
	{Poland}, A.~I. and {Ross}, C.~L.},
    title = "{The association of coronal mass ejection transients with other forms of solar activity}",
  journal = {\solphys},
 keywords = {SOLAR ACTIVITY, SOLAR CORONA, STELLAR MASS EJECTION, SKYLAB PROGRAM, SOLAR FLARES, SPACEBORNE ASTRONOMY, TABLES (DATA)},
     year = 1979,
    month = feb,
   volume = 61,
    pages = {201-215},
      doi = {10.1007/BF00155456},
   adsurl = {http://adsabs.harvard.edu/abs/1979SoPh...61..201M},
  adsnote = {Provided by the SAO/NASA Astrophysics Data System}
}

@ARTICLE{poland1981,
   author = {{Poland}, A.~I. and {Howard}, R.~A. and {Koomen}, M.~J. and 
	{Michels}, D.~J. and {Sheeley}, Jr., N.~R.},
    title = "{Coronal transients near sunspot maximum}",
  journal = {\solphys},
 keywords = {OSO-7, SOLAR CORONA, STELLAR MASS EJECTION, SUNSPOT CYCLE, CORONAGRAPHS, MASS DISTRIBUTION, MAXIMA, TRANSIENT RESPONSE},
     year = 1981,
    month = jan,
   volume = 69,
    pages = {169-175},
      doi = {10.1007/BF00151264},
   adsurl = {http://adsabs.harvard.edu/abs/1981SoPh...69..169P},
  adsnote = {Provided by the SAO/NASA Astrophysics Data System}
}
@ARTICLE{Schrij2008,
   author = {{Schrijver}, C.~J. and {Elmore}, C. and {Kliem}, B. and {T{\"o}r{\"o}k}, T. and 
	{Title}, A.~M.},
    title = "{Observations and Modeling of the Early Acceleration Phase of Erupting Filaments Involved in Coronal Mass Ejections}",
  journal = {\apj},
archivePrefix = "arXiv",
   eprint = {0710.1609},
 keywords = {Sun: Coronal Mass Ejections (CMEs), Sun: Filaments},
     year = 2008,
    month = feb,
   volume = 674,
    pages = {586-595},
      doi = {10.1086/524294},
   adsurl = {http://adsabs.harvard.edu/abs/2008ApJ...674..586S},
  adsnote = {Provided by the SAO/NASA Astrophysics Data System}
}

@ARTICLE{vdeh50,
   author = {{van de Hulst}, H.~C.},
    title = "{The electron density of the solar corona}",
  journal = {\bain},
     year = 1950,
    month = feb,
   volume = 11,
    pages = {135-+},
   adsurl = {http://adsabs.harvard.edu/abs/1950BAN....11..135V},
  adsnote = {Provided by the SAO/NASA Astrophysics Data System}
}
@ARTICLE{vou00,
   author = {{Vourlidas}, A. and {Subramanian}, P. and {Dere}, K.~P. and 
	{Howard}, R.~A.},
    title = "{Large-Angle Spectrometric Coronagraph Measurements of the Energetics of Coronal Mass Ejections}",
  journal = {\apj},
 keywords = {SUN: SOLAR-TERRESTRIAL RELATIONS, SUN: ACTIVITY, SUN: CORONA, SUN: MAGNETIC FIELDS},
     year = 2000,
    month = may,
   volume = 534,
    pages = {456-467},
      doi = {10.1086/308747},
   adsurl = {http://adsabs.harvard.edu/abs/2000ApJ...534..456V},
  adsnote = {Provided by the SAO/NASA Astrophysics Data System}
}

@INPROCEEDINGS{vourlidas02,
   author = {{Vourlidas}, A. and {Buzasi}, D. and {Howard}, R.~A. and {Esfandiari}, E.
	},
    title = "{Mass and energy properties of LASCO CMEs}",
 keywords = {Coronal Mass Ejections, Solar Activity},
booktitle = {Solar Variability: From Core to Outer Frontiers},
     year = 2002,
   series = {ESA Special Publication},
   volume = 506,
   editor = "{A.~Wilson}",
    month = dec,
    pages = {91-94},
   adsurl = {http://adsabs.harvard.edu/abs/2002ESASP.506...91V},
  adsnote = {Provided by the SAO/NASA Astrophysics Data System}
}
@ARTICLE{vour2010,
   author = {{Vourlidas}, A. and {Howard}, R.~A. and {Esfandiari}, E. and 
	{Patsourakos}, S. and {Yashiro}, S. and {Michalek}, G.},
    title = "{Comprehensive Analysis of Coronal Mass Ejection Mass and Energy Properties Over a Full Solar Cycle}",
  journal = {\apj},
archivePrefix = "arXiv",
   eprint = {1008.3737},
 primaryClass = "astro-ph.SR",
 keywords = {methods: statistical, Sun: activity, Sun: corona, Sun: coronal mass ejections: CMEs},
     year = 2010,
    month = oct,
   volume = 722,
    pages = {1522-1538},
      doi = {10.1088/0004-637X/722/2/1522},
   adsurl = {http://adsabs.harvard.edu/abs/2010ApJ...722.1522V},
  adsnote = {Provided by the SAO/NASA Astrophysics Data System}
}
@ARTICLE{vrs06,
   author = {{Vr{\v s}nak}, B.},
    title = "{Forces governing coronal mass ejections}",
  journal = {Advances in Space Research},
     year = 2006,
   volume = 38,
    pages = {431-440},
      doi = {10.1016/j.asr.2005.03.090},
   adsurl = {http://adsabs.harvard.edu/abs/2006AdSpR..38..431V},
  adsnote = {Provided by the SAO/NASA Astrophysics Data System}
}

@ARTICLE{zhang2001,
   author = {{Zhang}, J. and {Dere}, K.~P. and {Howard}, R.~A. and {Kundu}, M.~R. and 
	{White}, S.~M.},
    title = "{On the Temporal Relationship between Coronal Mass Ejections and Flares}",
  journal = {\apj},
 keywords = {Sun: Corona, Sun: coronal mass ejections (CMEs), Sun: Flares},
     year = 2001,
    month = sep,
   volume = 559,
    pages = {452-462},
      doi = {10.1086/322405},
   adsurl = {http://adsabs.harvard.edu/abs/2001ApJ...559..452Z},
  adsnote = {Provided by the SAO/NASA Astrophysics Data System}
}
@ARTICLE{zhang2004,
   author = {{Zhang}, J. and {Dere}, K.~P. and {Howard}, R.~A. and {Vourlidas}, A.
	},
    title = "{A Study of the Kinematic Evolution of Coronal Mass Ejections}",
  journal = {\apj},
 keywords = {Sun: Corona, Sun: Coronal Mass Ejections (CMEs), Sun: Flares, Sun: X-Rays, Gamma Rays},
     year = 2004,
    month = mar,
   volume = 604,
    pages = {420-432},
      doi = {10.1086/381725},
   adsurl = {http://adsabs.harvard.edu/abs/2004ApJ...604..420Z},
  adsnote = {Provided by the SAO/NASA Astrophysics Data System}
}