@BOOK{1982puai.book.....S,
   author = {{Shu}, F.~H.},
    title = "{The physical universe. an introduction to astronomy}",
 keywords = {ASTRONOMY, INTRODUCTIONS},
booktitle = {A Series of Books in Astronomy, Mill Valley, CA: University Science Books, 1982},
     year = 1982,
   editor = "{Shu, F.~H.}",
   adsurl = {http://adsabs.harvard.edu/abs/1982puai.book.....S},
  adsnote = {Provided by the SAO/NASA Astrophysics Data System}
}

@ARTICLE{1974A&AS...15..417H,
   author = {{H{\"o}gbom}, J.~A.},
    title = "{Aperture Synthesis with a Non-Regular Distribution of Interferometer Baselines}",
  journal = {\aaps},
     year = 1974,
    month = jun,
   volume = 15,
    pages = {417-+},
   adsurl = {http://adsabs.harvard.edu/abs/1974A%26AS...15..417H},
  adsnote = {Provided by the SAO/NASA Astrophysics Data System}
}

@INPROCEEDINGS{2010ASPC..425..181B,
   author = {{Bennett}, P.~D.},
    title = "{Chromospheres and Winds of Red Supergiants: An Empirical Look at Outer Atmospheric Structure}",
booktitle = {Hot and Cool: Bridging Gaps in Massive Star Evolution},
     year = 2010,
   series = {Astronomical Society of the Pacific Conference Series},
   volume = 425,
archivePrefix = "arXiv",
   eprint = {1004.1853},
 primaryClass = "astro-ph.SR",
   editor = "{C.~Leitherer, P.~Bennett, P.~Morris, \& J.~van Loon}",
    month = jun,
    pages = {181-+},
   adsurl = {http://adsabs.harvard.edu/abs/2010ASPC..425..181B},
  adsnote = {Provided by the SAO/NASA Astrophysics Data System}
}

@INPROCEEDINGS{2010AAS...21547904R,
   author = {{Reid}, R.~I. and {CASA team}},
    title = "{CASA: Common Astronomy Software Applications}",
booktitle = {American Astronomical Society Meeting Abstracts \#215},
     year = 2010,
   series = {Bulletin of the American Astronomical Society},
   volume = 42,
    month = jan,
    pages = {#479.04-+},
   adsurl = {http://adsabs.harvard.edu/abs/2010AAS...21547904R},
  adsnote = {Provided by the SAO/NASA Astrophysics Data System}
}

@INPROCEEDINGS{2006ASPC..351..670S,
   author = {{Scott}, S.~L. and {Pound}, M.~W.},
    title = "{The CARMA Project}",
booktitle = {Astronomical Data Analysis Software and Systems XV},
     year = 2006,
   series = {Astronomical Society of the Pacific Conference Series},
   volume = 351,
   editor = "{C.~Gabriel, C.~Arviset, D.~Ponz, \& S.~Enrique}",
    month = jul,
    pages = {670-+},
   adsurl = {http://adsabs.harvard.edu/abs/2006ASPC..351..670S},
  adsnote = {Provided by the SAO/NASA Astrophysics Data System}
}

@ARTICLE{1994ApJ...424L.127H,
   author = {{Huggins}, P.~J. and {Bachiller}, R. and {Cox}, P. and {Forveille}, T.
	},
    title = "{Neutral carbon in the circumstellar envelope of alpha Orionis}",
  journal = {\apjl},
 keywords = {CARBON, CHROMOSPHERE, INTERSTELLAR GAS, MOLECULAR GASES, STELLAR ENVELOPES, ASTRONOMICAL OBSERVATORIES, SPACE DENSITY, TELESCOPES, VELOCITY},
     year = 1994,
    month = apr,
   volume = 424,
    pages = {L127-L130},
      doi = {10.1086/187291},
   adsurl = {http://adsabs.harvard.edu/abs/1994ApJ...424L.127H},
  adsnote = {Provided by the SAO/NASA Astrophysics Data System}
}


@ARTICLE{1979ApJ...233L.135B,
   author = {{Bernat}, A.~P. and {Hall}, D.~N.~B. and {Hinkle}, K.~H. and 
	{Ridgway}, S.~T.},
    title = "{Observations of CO circumstellar absorption in the 4.6 micron spectrum of Alpha Orionis}",
  journal = {\apjl},
 keywords = {ABSORPTION SPECTRA, CARBON MONOXIDE, INFRARED ABSORPTION, STELLAR ENVELOPES, STELLAR SPECTRA, SUPERGIANT STARS, MOLECULAR SPECTRA, RADIAL VELOCITY, SPECTRAL BANDS, STELLAR MASS EJECTION},
     year = 1979,
    month = nov,
   volume = 233,
    pages = {L135-L139},
      doi = {10.1086/183092},
   adsurl = {http://adsabs.harvard.edu/abs/1979ApJ...233L.135B},
  adsnote = {Provided by the SAO/NASA Astrophysics Data System}
}


@ARTICLE{1996AJ....111.1705D,
   author = {{Dyck}, H.~M. and {Benson}, J.~A. and {van Belle}, G.~T. and 
	{Ridgway}, S.~T.},
    title = "{Radii and Effective Temperatures for K and M Giants and Supergiants}",
  journal = {\aj},
 keywords = {STARS: ATMOSPHERES, STARS: FUNDAMENTAL PARAMETERS, SUPERGIANTS},
     year = 1996,
    month = apr,
   volume = 111,
    pages = {1705-+},
      doi = {10.1086/117910},
   adsurl = {http://adsabs.harvard.edu/abs/1996AJ....111.1705D},
  adsnote = {Provided by the SAO/NASA Astrophysics Data System}
}


@ARTICLE{1995ApJ...455..293K,
   author = {{Knapp}, G.~R. and {Bowers}, P.~F. and {Young}, K. and {Phillips}, T.~G.
	},
    title = "{Radio-Frequency Continuum Emission from Evolved Stars}",
  journal = {\apj},
 keywords = {RADIO CONTINUUM: STARS, ISM: PLANETARY NEBULAE: INDIVIDUAL ALPHANUMERIC: CRL 915, ISM: PLANETARY NEBULAE: INDIVIDUAL ALPHANUMERIC: IRAS 17423-1755, STARS: AGB AND POST-AGB, STARS: EVOLUTION, STARS: MASS LOSS},
     year = 1995,
    month = dec,
   volume = 455,
    pages = {293-+},
      doi = {10.1086/176577},
   adsurl = {http://adsabs.harvard.edu/abs/1995ApJ...455..293K},
  adsnote = {Provided by the SAO/NASA Astrophysics Data System}
}

@ARTICLE{1997MNRAS.288..295S,
   author = {{Skinner}, C.~J. and {Dougherty}, S.~M. and {Meixner}, M. and 
	{Bode}, M.~F. and {Davis}, R.~J. and {Drake}, S.~A. and {Arens}, J.~F. and 
	{Jernigan}, J.~G.},
    title = "{Circumstellar environments - V. The asymmetric chromosphere and dust shell of alpha Orionis}",
  journal = {\mnras},
 keywords = {STARS: CHROMOSPHERES, CIRCUMSTELLAR MATTER, STARS: INDIVIDUAL: ALPHA ORI, SUPERGIANTS, INFRARED: STARS},
     year = 1997,
    month = jun,
   volume = 288,
    pages = {295-306},
   adsurl = {http://adsabs.harvard.edu/abs/1997MNRAS.288..295S},
  adsnote = {Provided by the SAO/NASA Astrophysics Data System}
}


@ARTICLE{1998Natur.392..575L,
   author = {{Lim}, J. and {Carilli}, C.~L. and {White}, S.~M. and {Beasley}, A.~J. and 
	{Marson}, R.~G.},
    title = "{Large convection cells as the source of Betelgeuse's extended atmosphere}",
  journal = {\nat},
     year = 1998,
    month = apr,
   volume = 392,
    pages = {575-577},
      doi = {10.1038/33352},
   adsurl = {http://adsabs.harvard.edu/abs/1998Natur.392..575L},
  adsnote = {Provided by the SAO/NASA Astrophysics Data System}
}

@BOOK{2001isra.book.....T,
   author = {{Thompson}, A.~R. and {Moran}, J.~M. and {Swenson}, Jr., G.~W.
	},
    title = "{Interferometry and Synthesis in Radio Astronomy, 2nd Edition}",
booktitle = {Interferometry and synthesis in radio astronomy by A.~Richard Thompson, James M.~Moran, and George W.~Swenson, Jr.~2nd ed.~ New York : Wiley, c2001.xxiii, 692 p.~: ill.~; 25 cm.~''A Wiley-Interscience publication.''  Includes bibliographical references and indexes.~ISBN :  0471254924},
     year = 2001,
   editor = "{Thompson, A.~R., Moran, J.~M., \& Swenson, G.~W., Jr.}",
   adsurl = {http://adsabs.harvard.edu/abs/2001isra.book.....T},
  adsnote = {Provided by the SAO/NASA Astrophysics Data System}


@INPROCEEDINGS{2009AIPC.1094..888R,
   author = {{Roche}, J. and {Espey}, B.~R. and {Crowley}, C.},
    title = "{Exploring the Origin of Red Giant Winds}",
 keywords = {Giant and subgiant stars, Stellar activity, Stellar characteristics and properties},
booktitle = {American Institute of Physics Conference Series},
     year = 2009,
   series = {American Institute of Physics Conference Series},
   volume = 1094,
   editor = "{E.~Stempels}",
    month = feb,
    pages = {888-891},
      doi = {10.1063/1.3099260},
   adsurl = {http://adsabs.harvard.edu/abs/2009AIPC.1094..888R},
  adsnote = {Provided by the SAO/NASA Astrophysics Data System}
}

@ARTICLE{eogorman_1,
   author = {{Sada}, P.~V. and {Deming}, D. and {Jackson}, B. and {Jennings}, D.~E. and 
	{Peterson}, S.~W. and {Haase}, F. and {Bays}, K. and {O'Gorman}, E. and 
	{Lundsford}, A.},
    title = "{Recent Transits of the Super-Earth Exoplanet GJ 1214b}",
  journal = {\apjl},
archivePrefix = "arXiv",
   eprint = {1008.1748},
 primaryClass = "astro-ph.EP",
 keywords = {eclipses, infrared: planetary systems, planets and satellites: fundamental parameters, techniques: photometric},
     year = 2010,
    month = sep,
   volume = 720,
    pages = {L215-L218},
      doi = {10.1088/2041-8205/720/2/L215},
   adsurl = {http://adsabs.harvard.edu/abs/2010ApJ...720L.215S},
  adsnote = {Provided by the SAO/NASA Astrophysics Data System}
}


@ARTICLE{1967ARA&A...5..571I,
   author = {{Iben}, Jr., I.},
    title = "{Stellar Evolution Within and off the Main Sequence}",
  journal = {\araa},
     year = 1967,
   volume = 5,
    pages = {571-+},
      doi = {10.1146/annurev.aa.05.090167.003035},
   adsurl = {http://adsabs.harvard.edu/abs/1967ARA%26A...5..571I},
  adsnote = {Provided by the SAO/NASA Astrophysics Data System}
}

@ARTICLE{1995ApJ...440L..29C,
   author = {{Carlsson}, M. and {Stein}, R.~F.},
    title = "{Does a nonmagnetic solar chromosphere exist?}",
  journal = {\apjl},
   eprint = {arXiv:astro-ph/9411036},
 keywords = {ASTRONOMICAL MODELS, CHROMOSPHERE, RADIATIVE TRANSFER, SOLAR ATMOSPHERE, SOLAR MAGNETIC FIELD, ENERGY CONSERVATION, FORCE-FREE MAGNETIC FIELDS, SHOCK WAVES, TEMPERATURE GRADIENTS},
     year = 1995,
    month = feb,
   volume = 440,
    pages = {L29-L32},
      doi = {10.1086/187753},
   adsurl = {http://adsabs.harvard.edu/abs/1995ApJ...440L..29C},
  adsnote = {Provided by the SAO/NASA Astrophysics Data System}
}

@ARTICLE{1990ApJ...353..255C,
   author = {{Cuntz}, M.},
    title = "{On the generation of mass loss in cool giant stars due to propagating shock waves}",
  journal = {\apj},
 keywords = {COOL STARS, GIANT STARS, SHOCK WAVE PROPAGATION, STELLAR MASS, CHROMOSPHERE, STELLAR WINDS, SUPERGIANT STARS},
     year = 1990,
    month = apr,
   volume = 353,
    pages = {255-264},
      doi = {10.1086/168612},
   adsurl = {http://adsabs.harvard.edu/abs/1990ApJ...353..255C},
  adsnote = {Provided by the SAO/NASA Astrophysics Data System}
}


@ARTICLE{2006MNRAS.368.1145F,
   author = {{Falceta-Gon{\c c}alves}, D. and {Vidotto}, A.~A. and {Jatenco-Pereira}, V.
	},
    title = "{On the magnetic structure and wind parameter profiles of Alfv{\'e}n wave driven winds in late-type supergiant stars}",
  journal = {\mnras},
   eprint = {arXiv:astro-ph/0602305},
 keywords = {MHD: waves: stars: magnetic fields: stars: mass-loss, MHD, waves, stars: magnetic fields, stars: mass-loss},
     year = 2006,
    month = may,
   volume = 368,
    pages = {1145-1150},
      doi = {10.1111/j.1365-2966.2006.10190.x},
   adsurl = {http://adsabs.harvard.edu/abs/2006MNRAS.368.1145F},
  adsnote = {Provided by the SAO/NASA Astrophysics Data System}
}

@ARTICLE{2007ApJ...659.1592S,
   author = {{Suzuki}, T.~K.},
    title = "{Structured Red Giant Winds with Magnetized Hot Bubbles and the Corona/Cool Wind Dividing Line}",
  journal = {\apj},
   eprint = {arXiv:astro-ph/0608195},
 keywords = {Magnetic Fields, Stars: Coronae, Stars: Late-Type, Stars: Mass Loss, Stars: Winds, Outflows, Waves},
     year = 2007,
    month = apr,
   volume = 659,
    pages = {1592-1610},
      doi = {10.1086/512600},
   adsurl = {http://adsabs.harvard.edu/abs/2007ApJ...659.1592S},
  adsnote = {Provided by the SAO/NASA Astrophysics Data System}
}


@ARTICLE{1980ApJ...242..260H,
   author = {{Hartmann}, L. and {MacGregor}, K.~B.},
    title = "{Momentum and energy deposition in late-type stellar atmospheres and winds}",
  journal = {\apj},
 keywords = {ENERGY TRANSFER, LATE STARS, MOMENTUM TRANSFER, STELLAR ATMOSPHERES, STELLAR WINDS, ATMOSPHERIC TEMPERATURE, CHROMOSPHERE, ENERGY DISSIPATION, MAGNETOHYDRODYNAMIC WAVES, STELLAR MASS EJECTION},
     year = 1980,
    month = nov,
   volume = 242,
    pages = {260-282},
      doi = {10.1086/158461},
   adsurl = {http://adsabs.harvard.edu/abs/1980ApJ...242..260H},
  adsnote = {Provided by the SAO/NASA Astrophysics Data System}
}


@INPROCEEDINGS{holzer_1985,
   author = {{Holzer}, T.~E. and {MacGregor}, K.~B.},
    title = "{Mass loss mechanisms for cool, low-gravity stars}",
 keywords = {COOL STARS, LATE STARS, STELLAR MASS EJECTION, STELLAR WINDS, ENERGY TRANSFER, MASS FLOW, MOMENTUM TRANSFER, RADIANT FLUX DENSITY, SHOCK WAVES, STELLAR EVOLUTION},
booktitle = {Mass Loss from Red Giants},
     year = 1985,
   series = {Astrophysics and Space Science Library},
   volume = 117,
   editor = "{M.~Morris \& B.~Zuckerman}",
    pages = {229-255},
   adsurl = {http://adsabs.harvard.edu/abs/1985ASSL..117..229H},
  adsnote = {Provided by the SAO/NASA Astrophysics Data System}
}

@INPROCEEDINGS{drinkwater_1985,
   author = {{Drinkwater}, M.~J. and {Wood}, P.~R.},
    title = "{Pulsation, mass loss, and grain formation in cool giants}",
 keywords = {COOL STARS, RED GIANT STARS, STELLAR ATMOSPHERES, STELLAR MASS EJECTION, STELLAR OSCILLATIONS, DENSITY DISTRIBUTION, INFRARED STARS, RADIATION PRESSURE, VELOCITY DISTRIBUTION},
booktitle = {Mass Loss from Red Giants},
     year = 1985,
   series = {Astrophysics and Space Science Library},
   volume = 117,
   editor = "{M.~Morris \& B.~Zuckerman}",
    pages = {257-260},
   adsurl = {http://adsabs.harvard.edu/abs/1985ASSL..117..257D},
  adsnote = {Provided by the SAO/NASA Astrophysics Data System}
}


@ARTICLE{bowen_1988,
   author = {{Bowen}, G.~H.},
    title = "{Dynamical modeling of long-period variable star atmospheres}",
  journal = {\apj},
 keywords = {COMPUTATIONAL ASTROPHYSICS, MIRA VARIABLES, STELLAR ATMOSPHERES, STELLAR MODELS, ATMOSPHERIC MODELS, DYNAMIC MODELS, PERIODIC VARIATIONS, STELLAR ENVELOPES, STELLAR EVOLUTION, STELLAR WINDS},
     year = 1988,
    month = jun,
   volume = 329,
    pages = {299-317},
      doi = {10.1086/166378},
   adsurl = {http://adsabs.harvard.edu/abs/1988ApJ...329..299B},
  adsnote = {Provided by the SAO/NASA Astrophysics Data System}
}

@ARTICLE{bester_1996,
   author = {{Bester}, M. and {Danchi}, W.~C. and {Hale}, D. and {Townes}, C.~H. and 
	{Degiacomi}, C.~G. and {Mekarnia}, D. and {Geballe}, T.~R.},
    title = "{Measurement at 11 Micron Wavelengths of the Diameters of alpha Orionis and alpha Scorpii: Changes in Effective Temperature of alpha Orionis and Very Recent Dust Emission}",
  journal = {\apj},
 keywords = {ISM: DUST, EXTINCTION, INFRARED: STARS, STARS: FUNDAMENTAL PARAMETERS, STARS: INDIVIDUAL CONSTELLATION NAME: ALPHA ORIONIS, STARS: INDIVIDUAL CONSTELLATION NAME: ALPHA SCORPII, TECHNIQUES: INTERFEROMETRIC},
     year = 1996,
    month = may,
   volume = 463,
    pages = {336-+},
      doi = {10.1086/177246},
   adsurl = {http://adsabs.harvard.edu/abs/1996ApJ...463..336B},
  adsnote = {Provided by the SAO/NASA Astrophysics Data System}
}


@ARTICLE{harper_2001,
   author = {{Harper}, G.~M. and {Brown}, A. and {Lim}, J.},
    title = "{A Spatially Resolved, Semiempirical Model for the Extended Atmosphere of {$\alpha$} Orionis (M2 Iab)}",
  journal = {\apj},
 keywords = {Stars: Circumstellar Matter, Stars: Atmospheres, Stars: Chromospheres, Stars: Mass Loss, Stars: Supergiants},
     year = 2001,
    month = apr,
   volume = 551,
    pages = {1073-1098},
      doi = {10.1086/320215},
   adsurl = {http://adsabs.harvard.edu/abs/2001ApJ...551.1073H},
  adsnote = {Provided by the SAO/NASA Astrophysics Data System}
}


@INPROCEEDINGS{crowley_2009,
   author = {{Crowley}, C. and {Espey}, B.~R. and {Harper}, G.~M. and {Roche}, J.
	},
    title = "{Winds and Chromospheres of Cool (Super-) Giants}",
 keywords = {Chromosphere, Giant and subgiant stars, Binary and multiple stars},
booktitle = {American Institute of Physics Conference Series},
     year = 2009,
   series = {American Institute of Physics Conference Series},
   volume = 1094,
   editor = "{E.~Stempels}",
    month = feb,
    pages = {267-274},
      doi = {10.1063/1.3099101},
   adsurl = {http://adsabs.harvard.edu/abs/2009AIPC.1094..267C},
  adsnote = {Provided by the SAO/NASA Astrophysics Data System}
}


@ARTICLE{linsky_1979,
   author = {{Linsky}, J.~L. and {Haisch}, B.~M.},
    title = "{Outer atmospheres of cool stars. I - The sharp division into solar-type and non-solar-type stars}",
  journal = {\apjl},
 keywords = {CHROMOSPHERE, COOL STARS, LATE STARS, STELLAR ATMOSPHERES, STELLAR CORONAS, ULTRAVIOLET SPECTRA, BOUNDARY VALUE PROBLEMS, EMISSION SPECTRA, INTERSTELLAR MATTER, STELLAR WINDS, SUBSONIC SPEED, SUPERSONIC SPEED},
     year = 1979,
    month = apr,
   volume = 229,
    pages = {L27-L32},
      doi = {10.1086/182924},
   adsurl = {http://adsabs.harvard.edu/abs/1979ApJ...229L..27L},
  adsnote = {Provided by the SAO/NASA Astrophysics Data System}
}

@ARTICLE{castor_1975,
   author = {{Castor}, J.~I. and {Abbott}, D.~C. and {Klein}, R.~I.},
    title = "{Radiation-driven winds in Of stars}",
  journal = {\apj},
 keywords = {ASTRONOMICAL MODELS, LINE SPECTRA, O STARS, RADIATION PRESSURE, STELLAR MASS EJECTION, STELLAR WINDS, EMISSION SPECTRA, MAIN SEQUENCE STARS, MOLECULAR OSCILLATORS, OPTICAL THICKNESS, STELLAR ATMOSPHERES, STELLAR EVOLUTION, STELLAR SPECTRA},
     year = 1975,
    month = jan,
   volume = 195,
    pages = {157-174},
      doi = {10.1086/153315},
   adsurl = {http://adsabs.harvard.edu/abs/1975ApJ...195..157C},
  adsnote = {Provided by the SAO/NASA Astrophysics Data System}
}

@ARTICLE{parker_1958,
   author = {{Parker}, E.~N.},
    title = "{Dynamics of the Interplanetary Gas and Magnetic Fields.}",
  journal = {\apj},
     year = 1958,
    month = nov,
   volume = 128,
    pages = {664-+},
      doi = {10.1086/146579},
   adsurl = {http://adsabs.harvard.edu/abs/1958ApJ...128..664P},
  adsnote = {Provided by the SAO/NASA Astrophysics Data System}
}

@ARTICLE{gs_1976,
   author = {{Goldreich}, P. and {Scoville}, N.},
    title = "{OH-IR stars. I - Physical properties of circumstellar envelopes}",
  journal = {\apj},
 keywords = {ATMOSPHERIC MODELS, HYDROXYL EMISSION, INFRARED ASTRONOMY, INTERSTELLAR MASERS, STELLAR ENVELOPES, ABUNDANCE, DUST, GAS TEMPERATURE, M STARS, PHOTODISSOCIATION, STELLAR MASS EJECTION, WATER},
     year = 1976,
    month = apr,
   volume = 205,
    pages = {144-154},
      doi = {10.1086/154257},
   adsurl = {http://adsabs.harvard.edu/abs/1976ApJ...205..144G},
  adsnote = {Provided by the SAO/NASA Astrophysics Data System}
}

@ARTICLE{rg_1991,
   author = {{Rodgers}, B. and {Glassgold}, A.~E.},
    title = "{The temperature of the circumstellar envelope of Alpha Orionis}",
  journal = {\apj},
 keywords = {M STARS, STELLAR ENVELOPES, STELLAR TEMPERATURE, SUPERGIANT STARS, ADIABATIC CONDITIONS, COMPUTATIONAL ASTROPHYSICS, ORION CONSTELLATION, RADIATIVE TRANSFER, STELLAR EVOLUTION, STELLAR MODELS},
     year = 1991,
    month = dec,
   volume = 382,
    pages = {606-616},
      doi = {10.1086/170748},
   adsurl = {http://adsabs.harvard.edu/abs/1991ApJ...382..606R},
  adsnote = {Provided by the SAO/NASA Astrophysics Data System}
}

@ARTICLE{obrian_2003,
   author = {{O'Brien}, D. and {Garcia}, P. and {Ferreira}, J. and {Cabrit}, S. and 
	{Binette}, L.},
    title = "{Mechanical Heating in Disk-Driven Winds - Thermal Structure {\amp} Observational Predictions}",
  journal = {\apss},
     year = 2003,
   volume = 287,
    pages = {129-134},
      doi = {10.1023/B:ASTR.0000006211.36328.ea},
   adsurl = {http://adsabs.harvard.edu/abs/2003Ap%26SS.287..129O},
  adsnote = {Provided by the SAO/NASA Astrophysics Data System}
}

@ARTICLE{ayres_2010,
   author = {{Ayres}, T.~R.},
    title = "{StarCAT: A Catalog of Space Telescope Imaging Spectrograph Ultraviolet Echelle Spectra of Stars}",
  journal = {\apjs},
 keywords = {catalogs, instrumentation: spectrographs, methods: data analysis, stars: general, ultraviolet: stars},
     year = 2010,
    month = mar,
   volume = 187,
    pages = {149-171},
      doi = {10.1088/0067-0049/187/1/149},
   adsurl = {http://adsabs.harvard.edu/abs/2010ApJS..187..149A},
  adsnote = {Provided by the SAO/NASA Astrophysics Data System}
}

@ARTICLE{haisch_1980,
   author = {{Haisch}, B.~M. and {Linsky}, J.~L. and {Basri}, G.~S.},
    title = "{Outer atmospheres of cool stars. IV - A discussion of cool stellar wind models}",
  journal = {\apj},
 keywords = {CHROMOSPHERE, COOL STARS, LATE STARS, STELLAR MODELS, STELLAR TEMPERATURE, STELLAR WINDS, CORONAS, FLOW EQUATIONS, HERTZSPRUNG-RUSSELL DIAGRAM, MAGNETOHYDRODYNAMIC WAVES, RADIATION PRESSURE, STELLAR MASS EJECTION},
     year = 1980,
    month = jan,
   volume = 235,
    pages = {519-533},
      doi = {10.1086/157655},
   adsurl = {http://adsabs.harvard.edu/abs/1980ApJ...235..519H},
  adsnote = {Provided by the SAO/NASA Astrophysics Data System}
}

@INPROCEEDINGS{drake_1985,
   author = {{Drake}, S.~A.},
    title = "{Modeling lines formed in the expanding chromospheres of red giants}",
 keywords = {CHROMOSPHERE, LINE SPECTRA, RED GIANT STARS, STELLAR PHYSICS, STELLAR SPECTRA, COOL STARS, MAGNESIUM, RADIATIVE TRANSFER, STELLAR WINDS},
booktitle = {NATO ASIC Proc. 152: Progress in Stellar Spectral Line Formation Theory},
     year = 1985,
   editor = "{J.~E.~Beckman \& L.~Crivellari}",
    pages = {351-357},
   adsurl = {http://adsabs.harvard.edu/abs/1985pssl.proc..351D},
  adsnote = {Provided by the SAO/NASA Astrophysics Data System}
}

@ARTICLE{2002ApJ...564..853S,
   author = {{Shang}, H. and {Glassgold}, A.~E. and {Shu}, F.~H. and {Lizano}, S.},
    title = "{Heating and Ionization of X-Winds}",
  journal = {\apj},
 keywords = {Accretion, Accretion Disks, Stars: Formation, Stars: Winds, Outflows, X-Rays: Stars},
     year = 2002,
    month = jan,
   volume = 564,
    pages = {853-876},
      doi = {10.1086/324197},
   adsurl = {http://adsabs.harvard.edu/abs/2002ApJ...564..853S},
  adsnote = {Provided by the SAO/NASA Astrophysics Data System}
}


@BOOK{1978ppim.book.....S,
author    = "Spitzer, L.",
title     = "Physical processes in the interstellar medium",
year      = "1978",
publisher = "Wiley-Interscience",
address   = "New York"
}

@booklet{mathisen_1984,
author    = "Mathisen, R.",
year      = "1984",
title     = "Photo cross-sections for stellar atmosphere calculations 
-- compilation of references and data",    
address   = "Inst. Theor. Astrophys. Univ. Oslo",
note    = "Publ. Series No. 1."
}

@ARTICLE{1978ApJS...37..223M,
   author = {{McClintock}, W. and {Moos}, H.~W. and {Henry}, R.~C. and {Linsky}, J.~L. and 
	{Barker}, E.~S.},
    title = "{Ultraviolet observations of cool stars. VI - L alpha and MG II emission line profiles (and a search for flux variability) in Arcturus}",
  journal = {\apjs},
 keywords = {CHROMOSPHERE, COOL STARS, EMISSION SPECTRA, LATE STARS, STELLAR SPECTROPHOTOMETRY, STELLAR TEMPERATURE, ULTRAVIOLET ASTRONOMY, ABUNDANCE, ATOMIC SPECTRA, LINE SPECTRA, MAGNESIUM, OAO 3, OXYGEN SPECTRA, ULTRAVIOLET SPECTRA},
     year = 1978,
    month = jun,
   volume = 37,
    pages = {223-233},
      doi = {10.1086/190525},
   adsurl = {http://adsabs.harvard.edu/abs/1978ApJS...37..223M},
  adsnote = {Provided by the SAO/NASA Astrophysics Data System}
}

@ARTICLE{1982ApJ...261..279H,
   author = {{Hartmann}, L. and {Avrett}, E. and {Edwards}, S.},
    title = "{Wave-driven winds from cool stars. II - Models for T Tauri stars}",
  journal = {\apj},
 keywords = {COOL STARS, MAGNETOHYDRODYNAMIC WAVES, STELLAR WINDS, T TAURI STARS, TEMPERATURE DISTRIBUTION, BALMER SERIES, CHROMOSPHERE, H ALPHA LINE, STELLAR MASS EJECTION, ULTRAVIOLET SPECTRA},
     year = 1982,
    month = oct,
   volume = 261,
    pages = {279-292},
      doi = {10.1086/160339},
   adsurl = {http://adsabs.harvard.edu/abs/1982ApJ...261..279H},
  adsnote = {Provided by the SAO/NASA Astrophysics Data System}
}

@ARTICLE{1997ApJ...479..970C,
   author = {{Carpenter}, K.~G. and {Robinson}, R.~D.},
    title = "{GHRS Observations of Cool, Low-Gravity Stars. III. Plasma Flows and Turbulence in the Outer Atmosphere of alpha Orionis (M2 Iab)}",
  journal = {\apj},
 keywords = {STARS: CHROMOSPHERES, ULTRAVIOLET: STARS, STARS: INDIVIDUAL CONSTELLATION NAME: ALPHA ORIONIS, STARS: LATE-TYPE, TURBULENCE},
     year = 1997,
    month = apr,
   volume = 479,
    pages = {970-+},
      doi = {10.1086/303888},
   adsurl = {http://adsabs.harvard.edu/abs/1997ApJ...479..970C},
  adsnote = {Provided by the SAO/NASA Astrophysics Data System}
}

@ARTICLE{2008AJ....135.1430H,
   author = {{Harper}, G.~M. and {Brown}, A. and {Guinan}, E.~F.},
    title = "{A New VLA-Hipparcos Distance to Betelgeuse and its Implications}",
  journal = {\aj},
 keywords = {astrometry, radio continuum: stars, stars: individual: {$\alpha$} Ori, stars: kinematics, supergiants, techniques: interferometric},
     year = 2008,
    month = apr,
   volume = 135,
    pages = {1430-1440},
      doi = {10.1088/0004-6256/135/4/1430},
   adsurl = {http://adsabs.harvard.edu/abs/2008AJ....135.1430H},
  adsnote = {Provided by the SAO/NASA Astrophysics Data System}
}

@INPROCEEDINGS{2009AIPC.1094..868H,
   author = {{Harper}, G.~M. and {Carpenter}, K.~G. and {Ryde}, N. and {Smith}, N. and 
	{Brown}, J. and {Brown}, A. and {Hinkle}, K.~H.},
    title = "{UV, IR, and mm Studies of CO Surrounding the Red Supergiant {$\alpha$} Orionis (M2 Iab)}",
 keywords = {Giant and subgiant stars, Mass loss and stellar winds, Radiative transfer; scattering},
booktitle = {American Institute of Physics Conference Series},
     year = 2009,
   series = {},
   volume = 1094,
   editor = "{E.~Stempels}",
    month = feb,
    pages = {868-871},
      doi = {10.1063/1.3099254},
   adsurl = {http://adsabs.harvard.edu/abs/2009AIPC.1094..868H},
  adsnote = {Provided by the SAO/NASA Astrophysics Data System}
}

@ARTICLE{1987ApJ...313..400H,
   author = {{Huggins}, P.~J.},
    title = "{CO in the circumstellar envelope of Alpha Orionis}",
  journal = {\apj},
 keywords = {ABUNDANCE, CARBON MONOXIDE, M STARS, STELLAR ENVELOPES, STELLAR SPECTROPHOTOMETRY, SUPERGIANT STARS, ABSORPTION SPECTRA, EMISSION SPECTRA, LINE SPECTRA, SPECTRAL RESOLUTION, STELLAR MODELS},
     year = 1987,
    month = feb,
   volume = 313,
    pages = {400-407},
      doi = {10.1086/164977},
   adsurl = {http://adsabs.harvard.edu/abs/1987ApJ...313..400H},
  adsnote = {Provided by the SAO/NASA Astrophysics Data System}
}

@ARTICLE{1980ApJ...242L..25K,
   author = {{Knapp}, G.~R. and {Phillips}, T.~G. and {Huggins}, P.~J.},
    title = "{Detection of CO Emission at 1.3-MILLIMETERS from the Betelgeuse Circumstellar Shell}",
  journal = {\apjl},
     year = 1980,
    month = nov,
   volume = 242,
    pages = {L25+},
      doi = {10.1086/183394},
   adsurl = {http://adsabs.harvard.edu/abs/1980ApJ...242L..25K},
  adsnote = {Provided by the SAO/NASA Astrophysics Data System}
}

@ARTICLE{2008AJ....136.2897R,
   author = {{Rich}, J.~W. and {de Blok}, W.~J.~G. and {Cornwell}, T.~J. and 
	{Brinks}, E. and {Walter}, F. and {Bagetakos}, I. and {Kennicutt}, Jr., R.~C.
	},
    title = "{Multi-Scale CLEAN: A Comparison of its Performance Against Classical CLEAN on Galaxies Using THINGS}",
  journal = {\aj},
archivePrefix = "arXiv",
   eprint = {0810.2825},
 keywords = {galaxies: individual: NGC 2403 IC 2574 Holmberg II, ISM: structure, techniques: image processing},
     year = 2008,
    month = dec,
   volume = 136,
    pages = {2897-2920},
      doi = {10.1088/0004-6256/136/6/2897},
   adsurl = {http://adsabs.harvard.edu/abs/2008AJ....136.2897R},
  adsnote = {Provided by the SAO/NASA Astrophysics Data System}
}

@INPROCEEDINGS{2004ASPC..314..768S,
   author = {{Scott}, S.~L. and {Amarnath}, N.~S. and {Beard}, A.~D. and 
	{Daniel}, P. and {Gwon}, C. and {Hobbs}, R. and {Kraybill}, J.~C. and 
	{Leitch}, E. and {Mehringer}, D.~M. and {Plante}, R. and {Pound}, M.~W. and 
	{Rauch}, K.~P. and {Teuben}, P.~J.},
    title = "{The CARMA Software System}",
booktitle = {Astronomical Data Analysis Software and Systems (ADASS) XIII},
     year = 2004,
   series = {Astronomical Society of the Pacific Conference Series},
   volume = 314,
   editor = "{F.~Ochsenbein, M.~G.~Allen, \& D.~Egret}",
    month = jul,
    pages = {768-+},
   adsurl = {http://adsabs.harvard.edu/abs/2004ASPC..314..768S},
  adsnote = {Provided by the SAO/NASA Astrophysics Data System}
}


@PROCEEDINGS{1999ASPC..180.....T,
   editor = {{Taylor}, G.~B. and {Carilli}, C.~L. and {Perley}, R.~A.},
    title = "{Synthesis Imaging in Radio Astronomy II}",
booktitle = {Synthesis Imaging in Radio Astronomy II},
     year = 1999,
   series = {Astronomical Society of the Pacific Conference Series},
   volume = 180,
   adsurl = {http://adsabs.harvard.edu/abs/1999ASPC..180.....T},
  adsnote = {Provided by the SAO/NASA Astrophysics Data System}
}

@ARTICLE{1984PASP...96..366G,
   author = {{Goldberg}, L.},
    title = "{The variability of alpha Orionis}",
  journal = {\pasp},
 keywords = {ORION CONSTELLATION, RADIAL VELOCITY, RED GIANT STARS, STELLAR ENVELOPES, STELLAR MASS EJECTION, VARIABLE STARS, LIGHT CURVE, STELLAR ATMOSPHERES, STELLAR OSCILLATIONS},
     year = 1984,
    month = may,
   volume = 96,
    pages = {366-371},
      doi = {10.1086/131347},
   adsurl = {http://adsabs.harvard.edu/abs/1984PASP...96..366G},
  adsnote = {Provided by the SAO/NASA Astrophysics Data System}
}

@ARTICLE{1986AJ.....91..602D,
   author = {{Drake}, S.~A. and {Linsky}, J.~L.},
    title = "{Radio continuum emission from winds, chromospheres, and coronae of cool giants and supergiants}",
  journal = {\aj},
 keywords = {CHROMOSPHERE, GIANT STARS, RADIO EMISSION, STELLAR CORONAS, STELLAR WINDS, SUPERGIANT STARS, CENTIMETER WAVES, CONTINUOUS SPECTRA, COOL STARS, HERTZSPRUNG-RUSSELL DIAGRAM, IUE, RADIO SOURCES (ASTRONOMY)},
     year = 1986,
    month = mar,
   volume = 91,
    pages = {602-620},
      doi = {10.1086/114043},
   adsurl = {http://adsabs.harvard.edu/abs/1986AJ.....91..602D},
  adsnote = {Provided by the SAO/NASA Astrophysics Data System}
}

@ARTICLE{1948ApJ...108..167B,
   author = {{Babcock}, H.~D. and {Herzberg}, L.},
    title = "{Fine Structure of the Red System of Atmospheric Oxygen Bands.}",
  journal = {\apj},
     year = 1948,
    month = sep,
   volume = 108,
    pages = {167-+},
      doi = {10.1086/145062},
   adsurl = {http://adsabs.harvard.edu/abs/1948ApJ...108..167B},
  adsnote = {Provided by the SAO/NASA Astrophysics Data System}
}

@ARTICLE{1979QJRAS..20..361G,
   author = {{Goldberg}, L.},
    title = "{Some problems connected with mass loss in late-type stars}",
  journal = {\qjras},
 keywords = {HERTZSPRUNG-RUSSELL DIAGRAM, LATE STARS, REACTION KINETICS, STELLAR MASS EJECTION, GIANT STARS, MASS FLOW RATE, STELLAR CORONAS, STELLAR EVOLUTION, STELLAR STRUCTURE, STELLAR WINDS, SUPERGIANT STARS},
     year = 1979,
    month = dec,
   volume = 20,
    pages = {361-382},
   adsurl = {http://adsabs.harvard.edu/abs/1979QJRAS..20..361G},
  adsnote = {Provided by the SAO/NASA Astrophysics Data System}
}

@ARTICLE{1975ApJ...199..427G,
   author = {{Goldberg}, L. and {Ramsey}, L. and {Testerman}, L. and {Carbon}, D.
	},
    title = "{High-resolution profiles of sodium and potassium lines in alpha Orionis}",
  journal = {\apj},
 keywords = {D LINES, K LINES, M STARS, STELLAR ENVELOPES, STELLAR WINDS, SUPERGIANT STARS, ABSORPTION SPECTRA, ASTRONOMICAL MODELS, LATE STARS, LINE SPECTRA, POTASSIUM, STELLAR SPECTRA},
     year = 1975,
    month = jul,
   volume = 199,
    pages = {427-431},
      doi = {10.1086/153706},
   adsurl = {http://adsabs.harvard.edu/abs/1975ApJ...199..427G},
  adsnote = {Provided by the SAO/NASA Astrophysics Data System}
}

@ARTICLE{2003ApJS..149..205M,
   author = {{Morton}, D.~C.},
    title = "{Atomic Data for Resonance Absorption Lines. III. Wavelengths Longward of the Lyman Limit for the Elements Hydrogen to Gallium}",
  journal = {\apjs},
 keywords = {Atomic Data, ISM: Atoms, Galaxies: Quasars: Absorption Lines, Stars: Atmospheres, Ultraviolet: General},
     year = 2003,
    month = nov,
   volume = 149,
    pages = {205-238},
      doi = {10.1086/377639},
   adsurl = {http://adsabs.harvard.edu/abs/2003ApJS..149..205M},
  adsnote = {Provided by the SAO/NASA Astrophysics Data System}
}

@ARTICLE{2002A&A...386.1009P,
   author = {{Plez}, B. and {Lambert}, D.~L.},
    title = "{The outer atmosphere of the M-type supergiant alpha Orionis: K I 7699 {\AA}emission}",
  journal = {\aap},
   eprint = {arXiv:astro-ph/0203209},
 keywords = {stars: circumstellar matter, stars: individual: Betelgeuse, stars: supergiants, stars: winds, outflows},
     year = 2002,
    month = may,
   volume = 386,
    pages = {1009-1018},
      doi = {10.1051/0004-6361:20020363},
   adsurl = {http://adsabs.harvard.edu/abs/2002A%26A...386.1009P},
  adsnote = {Provided by the SAO/NASA Astrophysics Data System}
}

@ARTICLE{1994ApJ...436..152W,
   author = {{Welty}, D.~E. and {Hobbs}, L.~M. and {Kulkarni}, V.~P.},
    title = "{A high-resolution survey of interstellar NA I D1 lines}",
  journal = {\apj},
 keywords = {DATA REDUCTION, INTERSTELLAR MATTER, SODIUM, STELLAR LUMINOSITY, STELLAR MASS, STELLAR SPECTRA, ABSORPTION SPECTRA, GAUSS EQUATION, HUBBLE SPACE TELESCOPE, HYDROGEN, SPACE OBSERVATIONS (FROM EARTH), STATISTICAL DISTRIBUTIONS},
     year = 1994,
    month = nov,
   volume = 436,
    pages = {152-175},
      doi = {10.1086/174889},
   adsurl = {http://adsabs.harvard.edu/abs/1994ApJ...436..152W},
  adsnote = {Provided by the SAO/NASA Astrophysics Data System}
}

@ARTICLE{1931PWasO..15..178S,
   author = {{Stebbins}, J. and {Huffer}, C.~M.},
    title = "{Photo-electric studies of five variable stars}",
  journal = {Publications of the Washburn Observatory},
 keywords = {ASTRONOMICAL PHOTOMETRY, VARIABLE STARS: OBSERVATIONS},
     year = 1931,
   volume = 15,
    pages = {178-213},
   adsurl = {http://adsabs.harvard.edu/abs/1931PWasO..15..178S},
  adsnote = {Provided by the SAO/NASA Astrophysics Data System}
}

@ARTICLE{1933CMWCI.464....1S,
   author = {{Sanford}, R.~F.},
    title = "{No. 464. The variation in the radial velocity of alpha Orionis from 1923 to 1931.}",
  journal = {Contributions from the Mount Wilson Observatory / Carnegie Institution of Washington},
     year = 1933,
   volume = 464,
    pages = {1-10},
   adsurl = {http://adsabs.harvard.edu/abs/1933CMWCI.464....1S},
  adsnote = {Provided by the SAO/NASA Astrophysics Data System}
}

@ARTICLE{1989AJ.....98.2233S,
   author = {{Smith}, M.~A. and {Patten}, B.~M. and {Goldberg}, L.},
    title = "{Radial-velocity variations in Alpha Ori, Alpha Sco, and Alpha HER}",
  journal = {\aj},
 keywords = {M STARS, RADIAL VELOCITY, RED GIANT STARS, STELLAR OSCILLATIONS, SUPERGIANT STARS, CHARGE COUPLED DEVICES, EMISSION SPECTRA, H ALPHA LINE, METALLICITY, SPECTRAL LINE WIDTH, STELLAR ROTATION},
     year = 1989,
    month = dec,
   volume = 98,
    pages = {2233-2248},
      doi = {10.1086/115293},
   adsurl = {http://adsabs.harvard.edu/abs/1989AJ.....98.2233S},
  adsnote = {Provided by the SAO/NASA Astrophysics Data System}
}

@ARTICLE{1986ApJ...306..605G,
   author = {{Glassgold}, A.~E. and {Huggins}, P.~J.},
    title = "{The ionization structure of the circumstellar envelope of Alpha Orionis}",
  journal = {\apj},
 keywords = {PHOTOIONIZATION, STELLAR ENVELOPES, STELLAR MASS EJECTION, SUPERGIANT STARS, ABUNDANCE, CARBON, CHROMOSPHERE, GAS TEMPERATURE, HYDROGEN RECOMBINATIONS, IONIZATION FREQUENCIES, POTASSIUM, ULTRAVIOLET RADIATION},
     year = 1986,
    month = jul,
   volume = 306,
    pages = {605-617},
      doi = {10.1086/164370},
   adsurl = {http://adsabs.harvard.edu/abs/1986ApJ...306..605G},
  adsnote = {Provided by the SAO/NASA Astrophysics Data System}
}

@ARTICLE{1994AJ....107.1469D,
   author = {{Danchi}, W.~C. and {Bester}, M. and {Degiacomi}, C.~G. and 
	{Greenhill}, L.~J. and {Townes}, C.~H.},
    title = "{Characteristics of dust shells around 13 late-type stars}",
  journal = {\aj},
 keywords = {COSMIC DUST, FOURIER TRANSFORMATION, INFRARED SPECTRA, MASERS, RADIATIVE TRANSFER, SPATIAL DISTRIBUTION, STELLAR MODELS, DENSITY, INFRARED ASTRONOMY SATELLITE, INFRARED INTERFEROMETERS, RADIATION PRESSURE, RADIO INTERFEROMETERS, SPATIAL RESOLUTION, STELLAR LUMINOSITY, VERY LONG BASE INTERFEROMETRY},
     year = 1994,
    month = apr,
   volume = 107,
    pages = {1469-1513},
      doi = {10.1086/116960},
   adsurl = {http://adsabs.harvard.edu/abs/1994AJ....107.1469D},
  adsnote = {Provided by the SAO/NASA Astrophysics Data System}
}

@ARTICLE{1962ApJ...136..844W,
   author = {{Weymann}, R.},
    title = "{Physical Conditions in the Circumstellar Envelope of {$\alpha$} Orionis.}",
  journal = {\apj},
     year = 1962,
    month = nov,
   volume = 136,
    pages = {844-+},
      doi = {10.1086/147441},
   adsurl = {http://adsabs.harvard.edu/abs/1962ApJ...136..844W},
  adsnote = {Provided by the SAO/NASA Astrophysics Data System}
}

@ARTICLE{1978ApJ...221..854L,
   author = {{Lambert}, D.~L. and {Vanden Bout}, P.~A.},
    title = "{Constraints on the properties of circumstellar shells from observations of thermal CO and SiO millimeter line emission}",
  journal = {\apj},
 keywords = {ABUNDANCE, MILLIMETER WAVES, RADIO SOURCES (ASTRONOMY), STELLAR ENVELOPES, THERMAL EMISSION, VARIABLE STARS, CARBON MONOXIDE, COSMIC DUST, GRANULAR MATERIALS, INTERSTELLAR MATTER, SILICON OXIDES},
     year = 1978,
    month = may,
   volume = 221,
    pages = {854-860},
      doi = {10.1086/156088},
   adsurl = {http://adsabs.harvard.edu/abs/1978ApJ...221..854L},
  adsnote = {Provided by the SAO/NASA Astrophysics Data System}
}

@ARTICLE{1985ApJ...292..640K,
   author = {{Knapp}, G.~R. and {Morris}, M.},
    title = "{Mass loss from evolved stars. III - Mass loss rates for fifty stars from CO J = 1-0 observations}",
  journal = {\apj},
 keywords = {CARBON STARS, STELLAR COMPOSITION, STELLAR ENVELOPES, STELLAR MASS EJECTION, VARIABLE STARS, CARBON MONOXIDE, COMPUTATIONAL ASTROPHYSICS, OPTICAL THICKNESS, STELLAR MODELS, SUPERGIANT STARS},
     year = 1985,
    month = may,
   volume = 292,
    pages = {640-669},
      doi = {10.1086/163197},
   adsurl = {http://adsabs.harvard.edu/abs/1985ApJ...292..640K},
  adsnote = {Provided by the SAO/NASA Astrophysics Data System}
}

@ARTICLE{2005A&A...430..165F,
   author = {{Famaey}, B. and {Jorissen}, A. and {Luri}, X. and {Mayor}, M. and 
	{Udry}, S. and {Dejonghe}, H. and {Turon}, C.},
    title = "{Local kinematics of K and M giants from CORAVEL/Hipparcos/Tycho-2 data.  Revisiting the concept of superclusters}",
  journal = {\aap},
   eprint = {arXiv:astro-ph/0409579},
 keywords = {Galaxy: kinematics and dynamics, Galaxy: disk, Galaxy: solar neighbourhood, Galaxy: evolution, Galaxy: structure, stars: kinematics},
     year = 2005,
    month = jan,
   volume = 430,
    pages = {165-186},
      doi = {10.1051/0004-6361:20041272},
   adsurl = {http://cdsads.u-strasbg.fr/abs/2005A%26A...430..165F},
  adsnote = {Provided by the SAO/NASA Astrophysics Data System}
}

@ARTICLE{2009AJ....137.3558S,
   author = {{Smith}, N. and {Hinkle}, K.~H. and {Ryde}, N.},
    title = "{Red Supergiants as Potential Type IIn Supernova Progenitors: Spatially Resolved 4.6 {$\mu$}m CO Emission Around VY CMa and Betelgeuse}",
  journal = {\aj},
archivePrefix = "arXiv",
   eprint = {0811.3037},
 keywords = {circumstellar matter, stars: evolution, stars: mass loss, stars: winds, outflows},
     year = 2009,
    month = mar,
   volume = 137,
    pages = {3558-3573},
      doi = {10.1088/0004-6256/137/3/3558},
   adsurl = {http://adsabs.harvard.edu/abs/2009AJ....137.3558S},
  adsnote = {Provided by the SAO/NASA Astrophysics Data System}
}

@ARTICLE{1994A&A...281..161A,
   author = {{Altenhoff}, W.~J. and {Thum}, C. and {Wendker}, H.~J.},
    title = "{Radio emission from stars: A survey at 250 GHz}",
  journal = {\aap},
 keywords = {GIANT STARS, PRE-MAIN SEQUENCE STARS, RADIO EMISSION, RADIO STARS, SKY SURVEYS (ASTRONOMY), WOLF-RAYET STARS, BOLOMETERS, FLUX DENSITY, NOISE SPECTRA, STELLAR ATMOSPHERES, STELLAR ENVELOPES, STELLAR TEMPERATURE},
     year = 1994,
    month = jan,
   volume = 281,
    pages = {161-183},
   adsurl = {http://adsabs.harvard.edu/abs/1994A%26A...281..161A},
  adsnote = {Provided by the SAO/NASA Astrophysics Data System}
}

@INPROCEEDINGS{1992ASPC...26..455D,
   author = {{Drake}, S.~A. and {Bookbinder}, J.~A. and {Florkowski}, D.~R. and 
	{Linsky}, J.~L. and {Simon}, T. and {Stencel}, R.~E.},
    title = "{Four Years of Monitoring a Orionis with the VLA: Where have all the Flares Gone?}",
booktitle = {Cool Stars, Stellar Systems, and the Sun},
     year = 1992,
   series = {Astronomical Society of the Pacific Conference Series},
   volume = 26,
   editor = "{M.~S.~Giampapa \& J.~A.~Bookbinder}",
    pages = {455},
   adsurl = {http://adsabs.harvard.edu/abs/1992ASPC...26..455D},
  adsnote = {Provided by the SAO/NASA Astrophysics Data System}
}

@INPROCEEDINGS{1987LNP...291..337B,
   author = {{Bookbinder}, J.~A. and {Stencel}, R.~E. and {Drake}, S.~A. and 
	{Simon}, T. and {Linsky}, J.~L. and {Florkowski}, D.},
    title = "{VLA Observations of Rapid 6 cm Flux Variations in {$\alpha$} Ori}",
booktitle = {Cool Stars, Stellar Systems and the Sun},
     year = 1987,
   series = {Lecture Notes in Physics, Berlin Springer Verlag},
   volume = 291,
   editor = "{J.~L.~Linsky \& R.~E.~Stencel}",
    pages = {337},
      doi = {10.1007/3-540-18653-0_154},
   adsurl = {http://adsabs.harvard.edu/abs/1987LNP...291..337B},
  adsnote = {Provided by the SAO/NASA Astrophysics Data System}
}

@ARTICLE{2003A&A...407..609K,
   author = {{Kemper}, F. and {Stark}, R. and {Justtanont}, K. and {de Koter}, A. and 
	{Tielens}, A.~G.~G.~M. and {Waters}, L.~B.~F.~M. and {Cami}, J. and 
	{Dijkstra}, C.},
    title = "{Mass loss and rotational CO emission from Asymptotic Giant Branch stars}",
  journal = {\aap},
   eprint = {arXiv:astro-ph/0305207},
     year = 2003,
    month = aug,
   volume = 407,
    pages = {609-629},
      doi = {10.1051/0004-6361:20030701},
   adsurl = {http://adsabs.harvard.edu/abs/2003A%26A...407..609K},
  adsnote = {Provided by the SAO/NASA Astrophysics Data System}
}

@ARTICLE{2010A&A...523A..18D,
   author = {{De Beck}, E. and {Decin}, L. and {de Koter}, A. and {Justtanont}, K. and 
	{Verhoelst}, T. and {Kemper}, F. and {Menten}, K.~M.},
    title = "{Probing the mass-loss history of AGB and red supergiant stars from CO rotational line profiles. II. CO line survey of evolved stars: derivation of mass-loss rate formulae}",
  journal = {\aap},
archivePrefix = "arXiv",
   eprint = {1008.1083},
 primaryClass = "astro-ph.SR",
 keywords = {stars: AGB and post-AGB, supergiants, stars: mass-loss},
     year = 2010,
    month = nov,
   volume = 523,
      eid = {A18},
    pages = {A18},
      doi = {10.1051/0004-6361/200913771},
   adsurl = {http://adsabs.harvard.edu/abs/2010A%26A...523A..18D},
  adsnote = {Provided by the SAO/NASA Astrophysics Data System}
}

@ARTICLE{1999A&A...347L..35R,
   author = {{Ryde}, N. and {Gustafsson}, B. and {Hinkle}, K.~H. and {Eriksson}, K. and 
	{Lambert}, D.~L. and {Olofsson}, H.},
    title = "{Preliminary results on the circumstellar envelopes of alpha ORI and R Leo from CO 4.6 micron line emission}",
  journal = {\aap},
 keywords = {STARS: AGB AND POST-AGB, STARS: CIRCUMSTELLAR MATTER, STARS: INDIVIDUAL: ALPHA ORI, STARS: INDIVIDUAL: R LEO, STARS: LATE-TYPE, INFRARED: STARS},
     year = 1999,
    month = jul,
   volume = 347,
    pages = {L35-L38},
   adsurl = {http://adsabs.harvard.edu/abs/1999A%26A...347L..35R},
  adsnote = {Provided by the SAO/NASA Astrophysics Data System}
}

@ARTICLE{2009AJ....137.3558S,
   author = {{Smith}, N. and {Hinkle}, K.~H. and {Ryde}, N.},
    title = "{Red Supergiants as Potential Type IIn Supernova Progenitors: Spatially Resolved 4.6 {$\mu$}m CO Emission Around VY CMa and Betelgeuse}",
  journal = {\aj},
archivePrefix = "arXiv",
   eprint = {0811.3037},
 keywords = {circumstellar matter, stars: evolution, stars: mass loss, stars: winds, outflows},
     year = 2009,
    month = mar,
   volume = 137,
    pages = {3558-3573},
      doi = {10.1088/0004-6256/137/3/3558},
   adsurl = {http://adsabs.harvard.edu/abs/2009AJ....137.3558S},
  adsnote = {Provided by the SAO/NASA Astrophysics Data System}
}

@ARTICLE{1984ApJ...284..238H,
   author = {{Hartmann}, L. and {Avrett}, E.~H.},
    title = "{On the extended chromosphere of Alpha Orionis}",
  journal = {\apj},
 keywords = {CHROMOSPHERE, M STARS, STELLAR MASS EJECTION, SUPERGIANT STARS, BRIGHTNESS DISTRIBUTION, RADIO EMISSION, STELLAR MODELS, STELLAR SPECTRA, STELLAR WINDS},
     year = 1984,
    month = sep,
   volume = 284,
    pages = {238-249},
      doi = {10.1086/162402},
   adsurl = {http://adsabs.harvard.edu/abs/1984ApJ...284..238H},
  adsnote = {Provided by the SAO/NASA Astrophysics Data System}
}

@ARTICLE{2000ApJ...528..965A,
   author = {{Airapetian}, V.~S. and {Ofman}, L. and {Robinson}, R.~D. and 
	{Carpenter}, K. and {Davila}, J.},
    title = "{Winds from Luminous Late-Type Stars. I. The Effects of Nonlinear Alfv{\'e}n Waves}",
  journal = {\apj},
 keywords = {MAGNETOHYDRODYNAMICS: MHD, STARS: INDIVIDUAL: CONSTELLATION NAME: {\amp}ALPHA; ORIONIS, STARS: WINDS, OUTFLOWS, STARS: SUPERGIANTS, WAVES},
     year = 2000,
    month = jan,
   volume = 528,
    pages = {965-971},
      doi = {10.1086/308198},
   adsurl = {http://adsabs.harvard.edu/abs/2000ApJ...528..965A},
  adsnote = {Provided by the SAO/NASA Astrophysics Data System}
}

@INPROCEEDINGS{1998SPIE.3354..810H,
   author = {{Hinkle}, K.~H. and {Cuberly}, R.~W. and {Gaughan}, N.~A. and 
	{Heynssens}, J.~B. and {Joyce}, R.~R. and {Ridgway}, S.~T. and 
	{Schmitt}, P. and {Simmons}, J.~E.},
    title = "{Phoenix: a cryogenic high-resolution 1- to 5-um infrared spectrograph}",
booktitle = {Society of Photo-Optical Instrumentation Engineers (SPIE) Conference Series},
     year = 1998,
   series = {Society of Photo-Optical Instrumentation Engineers (SPIE) Conference Series},
   volume = 3354,
   editor = "{A.~M.~Fowler}",
    month = aug,
    pages = {810-821},
   adsurl = {http://adsabs.harvard.edu/abs/1998SPIE.3354..810H},
  adsnote = {Provided by the SAO/NASA Astrophysics Data System}
}

@Book{2000fta..book.....B,
author = { Bracewell, Ronald N. },
title = { The Fourier Transform and Its Applications},
edition = {3rd ed},
isbn = { 007007013 },
publisher = { Colombus, OH: McGraw Hill},
year = { 2000 },
type = { Book },
language = { English },
subjects = { Fourier transformations.; Transformations (Mathematics); Harmonic analysis. },
life-dates = { 2000 -  },
catalogue-url = { http://nla.gov.au/nla.cat-vn830194 },
}
$@BOOK{2000fta..book.....B,
$   author = {{Bracewell}, R.~N.},
$    title = "{The Fourier transform and its applications}",
$booktitle = {The Fourier transform and its applications / Ronald N.~Bracewell.~Boston : McGraw Hill, c2000.~(McGraw-Hill series in electrical and $computer engineering.~Circuits and systems)},
$     year = 2000,
$   editor = "{Bracewell, R.~N.}",
$   adsurl = {http://adsabs.harvard.edu/abs/2000fta..book.....B},
$  adsnote = {Provided by the SAO/NASA Astrophysics Data System}
$}

@INPROCEEDINGS{2000SPIE.4014...23G,
   author = {{Guesten}, R. and {Hartogh}, P. and {Huebers}, H.-W. and {Graf}, U.~U. and 
	{Jacobs}, K. and {Roeser}, H.-P. and {Schaefer}, F. and {Schieder}, R.~T. and 
	{Stark}, R. and {Stutzki}, J. and {Van der Wal}, P. and {Wunsch}, A.
	},
    title = "{GREAT: the first-generation German heterodyne receiver for SOFIA}",
booktitle = {Society of Photo-Optical Instrumentation Engineers (SPIE) Conference Series},
     year = 2000,
   series = {Society of Photo-Optical Instrumentation Engineers (SPIE) Conference Series},
   volume = 4014,
   editor = "{R.~K.~Melugin \& H.-P.~R{\"o}ser}",
    month = jun,
    pages = {23-30},
   adsurl = {http://adsabs.harvard.edu/abs/2000SPIE.4014...23G},
  adsnote = {Provided by the SAO/NASA Astrophysics Data System}
}

@INPROCEEDINGS{2009ASPC..417..101B,
   author = {{Becklin}, E.~E. and {Gehrz}, R.~D.},
    title = "{SOFIA: Stratospheric Observatory for Infrared Astronomy}",
booktitle = {Submillimeter Astrophysics and Technology: a Symposium Honoring Thomas G. Phillips},
     year = 2009,
   series = {Astronomical Society of the Pacific Conference Series},
   volume = 417,
   editor = "{D.~C.~Lis, J.~E.~Vaillancourt, P.~F.~Goldsmith, T.~A.~Bell, 
	N.~Z.~Scoville, \& J.~Zmuidzinas}",
    month = dec,
    pages = {101},
   adsurl = {http://adsabs.harvard.edu/abs/2009ASPC..417..101B},
  adsnote = {Provided by the SAO/NASA Astrophysics Data System}
}
